
    <zs:record>
      <zs:recordSchema/>
      <zs:recordPacking>xml</zs:recordPacking>
      <zs:recordData>
        <record xmlns="http://www.loc.gov/MARC21/slim">
          <leader>02772cam a22004337i 4500</leader>
          <controlfield tag="001">22466551</controlfield>
          <controlfield tag="005">20220418212551.0</controlfield>
          <controlfield tag="008">220315s2020    oru      b    000 0 eng d</controlfield>
          <datafield tag="906" ind1=" " ind2=" ">
            <subfield code="a">7</subfield>
            <subfield code="b">cbc</subfield>
            <subfield code="c">copycat</subfield>
            <subfield code="d">2</subfield>
            <subfield code="e">ncip</subfield>
            <subfield code="f">20</subfield>
            <subfield code="g">y-gencatlg</subfield>
          </datafield>
          <datafield tag="925" ind1="0" ind2=" ">
            <subfield code="a">acquire</subfield>
            <subfield code="b">1 shelf copy</subfield>
            <subfield code="x">policy default</subfield>
          </datafield>
          <datafield tag="955" ind1=" " ind2=" ">
            <subfield code="b">rn45 2022-03-15 z-processor 1 copy to USASH</subfield>
            <subfield code="i">rk47 2022-04-16 to CMD</subfield>
            <subfield code="u">rk47 2022-04-18 Telework Regular</subfield>
          </datafield>
          <datafield tag="010" ind1=" " ind2=" ">
            <subfield code="a">  2021278291</subfield>
          </datafield>
          <datafield tag="020" ind1=" " ind2=" ">
            <subfield code="a">9781532699313</subfield>
            <subfield code="q">(paperback)</subfield>
          </datafield>
          <datafield tag="035" ind1=" " ind2=" ">
            <subfield code="a">(OCoLC)on1230257193</subfield>
          </datafield>
          <datafield tag="040" ind1=" " ind2=" ">
            <subfield code="a">EXN</subfield>
            <subfield code="b">eng</subfield>
            <subfield code="e">rda</subfield>
            <subfield code="c">EXN</subfield>
            <subfield code="d">OCLCO</subfield>
            <subfield code="d">YDXIT</subfield>
            <subfield code="d">MRB</subfield>
            <subfield code="d">PTS</subfield>
            <subfield code="d">OCLCO</subfield>
            <subfield code="d">KAT</subfield>
            <subfield code="d">DLC</subfield>
          </datafield>
          <datafield tag="042" ind1=" " ind2=" ">
            <subfield code="a">lccopycat</subfield>
          </datafield>
          <datafield tag="050" ind1="0" ind2="0">
            <subfield code="a">BF575.S75</subfield>
            <subfield code="b">B89 2020</subfield>
          </datafield>
          <datafield tag="100" ind1="1" ind2=" ">
            <subfield code="a">Buttry, Sharon A.,</subfield>
            <subfield code="e">author.</subfield>
          </datafield>
          <datafield tag="245" ind1="1" ind2="0">
            <subfield code="a">Daughters of Rizpah :</subfield>
            <subfield code="b">nonviolence and the transformation of trauma /</subfield>
            <subfield code="c">Sharon A. Buttry and Daniel L. Buttry ; foreword by Molly T. Marshall.</subfield>
          </datafield>
          <datafield tag="264" ind1=" " ind2="1">
            <subfield code="a">Eugene, Oregon :</subfield>
            <subfield code="b">Cascade Books,</subfield>
            <subfield code="c">[2020]</subfield>
          </datafield>
          <datafield tag="300" ind1=" " ind2=" ">
            <subfield code="a">xx, 135 pages ;</subfield>
            <subfield code="c">22 cm</subfield>
          </datafield>
          <datafield tag="336" ind1=" " ind2=" ">
            <subfield code="a">text</subfield>
            <subfield code="b">txt</subfield>
            <subfield code="2">rdacontent</subfield>
          </datafield>
          <datafield tag="337" ind1=" " ind2=" ">
            <subfield code="a">unmediated</subfield>
            <subfield code="b">n</subfield>
            <subfield code="2">rdamedia</subfield>
          </datafield>
          <datafield tag="338" ind1=" " ind2=" ">
            <subfield code="a">volume</subfield>
            <subfield code="b">nc</subfield>
            <subfield code="2">rdacarrier</subfield>
          </datafield>
          <datafield tag="504" ind1=" " ind2=" ">
            <subfield code="a">Includes bibliographical references (pages 133-135).</subfield>
          </datafield>
          <datafield tag="520" ind1=" " ind2=" ">
            <subfield code="a">"Trauma recovery and healing get a lot of attention these days, but in situations of war and violence trauma is also a social experience set within the larger conflict context. The authors examine an ancient biblical story full of violence and trauma that makes most readers turn the page quickly. The reader is invited instead to sit with the story, listen to the voices of the characters, and feel the full range of their emotions. There is much to be learned through the story that offers insight for trauma healing and reconciliation, and motivation for deep and abiding social change. The biblical story becomes a doorway into a journey of discovery about traumatized people, specifically women, who choose not to remain as victims. Instead, they rise up in transformative nonviolent action. The authors lift up the Rizpah story and contemporary stories of "Daughters of Rizpah" from around the world to inspire hope amid the traumatizing turmoil of the twenty-first century."</subfield>
            <subfield code="c">-- Page 4 of cover.</subfield>
          </datafield>
          <datafield tag="650" ind1=" " ind2="0">
            <subfield code="a">Psychic trauma</subfield>
            <subfield code="x">Biblical teaching.</subfield>
          </datafield>
          <datafield tag="600" ind1="0" ind2="0">
            <subfield code="a">Rizpah</subfield>
            <subfield code="c">(Biblical figure)</subfield>
          </datafield>
          <datafield tag="630" ind1="0" ind2="0">
            <subfield code="a">Bible.</subfield>
            <subfield code="p">Samuel, 2nd, XXII</subfield>
            <subfield code="x">Criticism, interpretation, etc.</subfield>
          </datafield>
          <datafield tag="650" ind1=" " ind2="0">
            <subfield code="a">Suffering in the Bible.</subfield>
          </datafield>
          <datafield tag="650" ind1=" " ind2="0">
            <subfield code="a">Nonviolence</subfield>
            <subfield code="x">Biblical teaching.</subfield>
          </datafield>
          <datafield tag="650" ind1=" " ind2="0">
            <subfield code="a">Social change.</subfield>
          </datafield>
          <datafield tag="650" ind1=" " ind2="0">
            <subfield code="a">Stress (Psychology)</subfield>
          </datafield>
          <datafield tag="650" ind1=" " ind2="7">
            <subfield code="a">Nonviolence.</subfield>
            <subfield code="2">fast</subfield>
            <subfield code="0">(OCoLC)fst01039027</subfield>
          </datafield>
          <datafield tag="650" ind1=" " ind2="7">
            <subfield code="a">Social change.</subfield>
            <subfield code="2">fast</subfield>
            <subfield code="0">(OCoLC)fst01122310</subfield>
          </datafield>
          <datafield tag="650" ind1=" " ind2="7">
            <subfield code="a">Stress (Psychology)</subfield>
            <subfield code="2">fast</subfield>
            <subfield code="0">(OCoLC)fst01134918</subfield>
          </datafield>
          <datafield tag="650" ind1=" " ind2="7">
            <subfield code="a">Suffering in the Bible.</subfield>
            <subfield code="2">fast</subfield>
            <subfield code="0">(OCoLC)fst01137177</subfield>
          </datafield>
          <datafield tag="700" ind1="1" ind2=" ">
            <subfield code="a">Buttry, Daniel,</subfield>
            <subfield code="e">author.</subfield>
          </datafield>
          <datafield tag="700" ind1="1" ind2=" ">
            <subfield code="a">Marshall, Molly Truman,</subfield>
            <subfield code="e">writer of foreword.</subfield>
          </datafield>
        </record>
      </zs:recordData>
      <zs:recordPosition>2</zs:recordPosition>
    </zs:record>