
    <zs:record>
      <zs:recordSchema/>
      <zs:recordPacking>xml</zs:recordPacking>
      <zs:recordData>
        <record xmlns="http://www.loc.gov/MARC21/slim">
          <leader>01693cam a2200361 i 4500</leader>
          <controlfield tag="001">22563325</controlfield>
          <controlfield tag="005">20230130154115.0</controlfield>
          <controlfield tag="008">220524s2022    kyu      b    001 0 eng  </controlfield>
          <datafield tag="906" ind1=" " ind2=" ">
            <subfield code="a">7</subfield>
            <subfield code="b">cbc</subfield>
            <subfield code="c">orignew</subfield>
            <subfield code="d">1</subfield>
            <subfield code="e">ecip</subfield>
            <subfield code="f">20</subfield>
            <subfield code="g">y-gencatlg</subfield>
          </datafield>
          <datafield tag="925" ind1="0" ind2=" ">
            <subfield code="a">acquire</subfield>
            <subfield code="b">1 shelf copy</subfield>
            <subfield code="x">policy default</subfield>
          </datafield>
          <datafield tag="955" ind1=" " ind2=" ">
            <subfield code="b">rk02 2022-05-24</subfield>
            <subfield code="i">rk02 2022-05-24 to Dewey (telework---OT)</subfield>
            <subfield code="w">xb07 2022-06-15 (OT Regular)</subfield>
            <subfield code="a">xn19 2022-11-18 1 copy rec'd., to CIP ver.</subfield>
            <subfield code="a">rk20 2022-12-14 book received in ART</subfield>
            <subfield code="f">rk24 2023-01-30 to CMD</subfield>
          </datafield>
          <datafield tag="010" ind1=" " ind2=" ">
            <subfield code="a">  2022021726</subfield>
          </datafield>
          <datafield tag="020" ind1=" " ind2=" ">
            <subfield code="a">9780664232603</subfield>
            <subfield code="q">(hardcover)</subfield>
          </datafield>
          <datafield tag="020" ind1=" " ind2=" ">
            <subfield code="z">9781646982578</subfield>
            <subfield code="q">(ebook)</subfield>
          </datafield>
          <datafield tag="040" ind1=" " ind2=" ">
            <subfield code="a">DLC</subfield>
            <subfield code="b">eng</subfield>
            <subfield code="e">rda</subfield>
            <subfield code="c">DLC</subfield>
            <subfield code="d">DLC</subfield>
          </datafield>
          <datafield tag="042" ind1=" " ind2=" ">
            <subfield code="a">pcc</subfield>
          </datafield>
          <datafield tag="050" ind1="0" ind2="0">
            <subfield code="a">BS2725.53</subfield>
            <subfield code="b">.M37 2022</subfield>
          </datafield>
          <datafield tag="082" ind1="0" ind2="0">
            <subfield code="a">227/.8107</subfield>
            <subfield code="2">23/eng/20220615</subfield>
          </datafield>
          <datafield tag="100" ind1="1" ind2=" ">
            <subfield code="a">Marshall, Molly Truman,</subfield>
            <subfield code="e">author.</subfield>
          </datafield>
          <datafield tag="245" ind1="1" ind2="0">
            <subfield code="a">1 &amp; 2 Thessalonians /</subfield>
            <subfield code="c">Molly T. Marshall.</subfield>
          </datafield>
          <datafield tag="246" ind1="3" ind2=" ">
            <subfield code="a">1 and 2 Thessalonians</subfield>
          </datafield>
          <datafield tag="246" ind1="3" ind2=" ">
            <subfield code="a">First and Second Thessalonians</subfield>
          </datafield>
          <datafield tag="250" ind1=" " ind2=" ">
            <subfield code="a">First edition.</subfield>
          </datafield>
          <datafield tag="264" ind1=" " ind2="1">
            <subfield code="a">Louisville, Kentucky :</subfield>
            <subfield code="b">Westminster John Knox Press,</subfield>
            <subfield code="c">[2022]</subfield>
          </datafield>
          <datafield tag="300" ind1=" " ind2=" ">
            <subfield code="a">xviii, 243 pages ;</subfield>
            <subfield code="c">24 cm.</subfield>
          </datafield>
          <datafield tag="336" ind1=" " ind2=" ">
            <subfield code="a">text</subfield>
            <subfield code="b">txt</subfield>
            <subfield code="2">rdacontent</subfield>
          </datafield>
          <datafield tag="337" ind1=" " ind2=" ">
            <subfield code="a">unmediated</subfield>
            <subfield code="b">n</subfield>
            <subfield code="2">rdamedia</subfield>
          </datafield>
          <datafield tag="338" ind1=" " ind2=" ">
            <subfield code="a">volume</subfield>
            <subfield code="b">nc</subfield>
            <subfield code="2">rdacarrier</subfield>
          </datafield>
          <datafield tag="490" ind1="0" ind2=" ">
            <subfield code="a">Belief: a theological commentary on the Bible</subfield>
          </datafield>
          <datafield tag="504" ind1=" " ind2=" ">
            <subfield code="a">Includes bibliographical references and indexes.</subfield>
          </datafield>
          <datafield tag="520" ind1=" " ind2=" ">
            <subfield code="a">"In this volume of the Belief series, Molly T. Marshall examines the letters to the Thessalonians and their relevance today"--</subfield>
            <subfield code="c">Provided by publisher.</subfield>
          </datafield>
          <datafield tag="630" ind1="0" ind2="0">
            <subfield code="a">Bible.</subfield>
            <subfield code="p">Thessalonians</subfield>
            <subfield code="v">Commentaries.</subfield>
          </datafield>
          <datafield tag="776" ind1="0" ind2="8">
            <subfield code="i">Online version:</subfield>
            <subfield code="a">Marshall, Molly Truman.</subfield>
            <subfield code="t">1 &amp; 2 Thessalonians</subfield>
            <subfield code="b">First edition.</subfield>
            <subfield code="d">Louisville, Kentucky : Westminster John Knox Press, 2022</subfield>
            <subfield code="z">9781646982578</subfield>
            <subfield code="w">(DLC) 2022021727</subfield>
          </datafield>
        </record>
      </zs:recordData>
      <zs:recordPosition>8</zs:recordPosition>
    </zs:record>